@book{template,
Author = {test},
Title = {test},
Publisher = {test pub},
Year = {2012},
ISBN = {testisbn},
URL = {test}
}
@electronic{PostgreSQLDoc,
Author = {PostgreSQL Global Development Group},
Title = {PostgreSQL 10.1 Documentation},
Year = {2017},
URL = {https://www.postgresql.org/docs/10/static/index.html}
}
@electronic{SQLiteAbout,
Organization = {Hwaci},
Title = {About SQLite},
Year = {2017},
URL = {https://sqlite.org/about.html}
}
@electronic{SQLiteUse,
Organization = {Hwaci},
Title = {Appropriate Uses For SQLite},
Year = {2017},
URL = {https://sqlite.org/whentouse.html}
}
@electronic{SQLiteFeat,
Organization = {Hwaci},
Title = {Distinctive Features Of SQLite},
Year = {2017},
URL = {https://sqlite.org/different.html}
}
@electronic{MySQLDoc,
Organization = {Oracle},
Title = {MySQL 5.7 Reference Manual},
Year = {2017},
URL = {https://dev.mysql.com/doc/refman/5.7/en/}
}
@electronic{GoogleCh,
Organization = {Google},
Title = {Google Charts},
Year = {2017},
URL = {https://developers.google.com/chart/glossary}
}
@electronic{CanvasJS,
Organization = {CanvasJS Team},
Title = {CanvasJS},
Year = {2017},
URL = {https://canvasjs.com/docs/charts/basics-of-creating-html5-chart/}
}
@electronic{ChartJS,
Organization = {https://github.com/chartjs/Chart.js/graphs/contributors},
Title = {ChartJS},
Year = {2017},
URL = {http://www.chartjs.org/docs/latest/}
}
